%
% In our bibtex files journal names are given as acronyms, for 
% example, GRL for Geophysical Research Letters.
%
% This file defines the conversion between these acronyms and 
% full journal names.
%
% The conversion to abbreviated journal names is given in the file
% journals.abbr. 
%
% To use abbreviated journal names, put:
%
%   \input{journals.abbr}
%
% at the start of the bibtex file. To use full journal names, use
%
%   \input{journals.full}
%
% Please add new journals to these files when needed (in both 
% files!). The same acronym shall of course be used in journal.abbr 
% and journal.full.
%
% --

@string{A        = {Atmosfera}}
@string{AA       = {Astronomy \& Astrophysics}}
@string{AASS     = {Astronomy \& Astrophysics Supplement Series}}
@string{ACA      = {Acta Astronomica}}
@string{ACP      = {Atmospheric Chemistry and Physics}}
@string{ACPD     = {Atmospheric Chemistry and Physics Discussions}}
@string{ACS      = {Atmospheric and Climate Sciences}}
@string{ADA      = {Advances in Astronomy}}
@string{ADGEO    = {Advances in Geosciences}}
@string{AE       = {Atmospheric Environment}}
@string{AG       = {Annales Geophysicae}}
@string{AGUA    = {AGU Advances}}
@string{ANJ      = {The Astronomical Journal}}
@string{AI       = {Acta Informatica}}
@string{AJ       = {The Astrophysical Journal}}
@string{AJL      = {Astrophysical Journal Letters}}
@string{AJSS     = {Astrophysical Journal Supplement Series}}
@string{AJP      = {American Journal of Physics}}
@string{AM       = {Annalen der Meteorologie}}
@string{AMM      = {Australian Meteorological Magazine}}
@string{AMT      = {Atmospheric Measurement Techniques}}
@string{AMTD     = {Atmospheric Measurement Techniques Discussions}}
@string{AO       = {Applied Optics}}
@string{AOP      = {Atmospheric and Oceanic Physics (engl. transl.)}}
@string{APL      = {Applied Physics Letters}}
@string{APS      = {Applied Spectroscopy}}
@string{AR       = {Atmospheric Research}}
@string{AREE     = {Annual Review of Energy \& Environment}}
@string{ARFM    = {Annual Review of Fluid Mechanics}}
@string{ARPC     = {Annual Review of Physical Chemistry}}
@string{AS       = {American Scientist}}
@string{ASL      = {Atmospheric Science Letters}}
@string{ASP      = {Applied Signal Processing}}
@string{ASR      = {Advances in Space Research}}
@string{AST      = {Aerosol Science and Technology}}
@string{ATOC     = {Atmosphere -- Ocean}}

@string{BAMS     = {Bulletin of the American Meteorological Society}}
@string{BAS      = {Bulletin of the Atomic Scientists}}
@string{BLM      = {Boundary-Layer Meteorology}}
@string{BPA      = {Beitraege zur Physik der Atmosphaere}}

@string{CC       = {Climate Change}}
@string{CCCR    ={Current Climate Change Reports}}
@string{CD       = {Climate Dynamics}}
@string{COP 	 = {Climate of the Past}}
@string{CG       = {Computers \& Geosciences}}
@string{CJC      = {Canadian Journal of Chemistry}}
@string{CJP      = {Canadian Journal of Physics}}
@string{CP       = {Contemporary Physics}}
@string{CPH      = {Chemical Physics}}
@string{CPC      = {Computer Physics Communications}}
@string{CPL      = {Chemical Physics Letters}}
@string{CR       = {Climate Research}}
@string{CRP      = {Comptes Rendus Physique}}
@string{CS       = {Current Science}}
@string{CSB      = {Chinese Science Bulletin}}
@string{CSPH     = {Chemosphere}}
@string{CSR      = {Chemical Society Revies}}

@string{EECT     = {Energy and Emission Control Technologies}}
@string{EF       = {Earth's Future}}
@string{EFM      = {Environmental Fluid Mechanics}}
@string{EL       = {Electronics Letters}}
@string{EM       = {Experimental Mathematics}}
@string{EMP      = {Earth, Moon and Planets}}
@string{EOS      = {Eos}}
@string{ENN      = {Environmental News Network}}
@string{EPA      = {Earth and Planetary Astrophysics}}
@string{EPJC     = {European Physical Journal Conferences}}
@string{EPJST    = {European Physical Journal Special Topics}}
@string{EPS      = {Earth, Planets and Space}}
@string{ERL      = {Environmental Research Letters}}
@string{ESD      = {Earth System Dynamics}}
@string{ESS      = {Earth and Space Science}}
@string{ESSD     = {Earth System Science Data}}
@string{EST      = {Environmental Science and Technology}}
@string{ETA      = {Eos, Transactions American Geophysical Union}}

@string{FIP      = {Frontiers in Physics}}
@string{FES      = {Frontiers of Earth Science}}

@string{GDJ      = {Geoscience Data Journal}}
@string{GJI      = {Geophysical Journal International}}
@string{GI       = {Geoscientific Instrumentation, Methods and Data Systems}}
@string{GP       = {Geophysica}}
@string{GMD      = {Geoscientific Model Development}}
@string{GMDD     = {Geoscientific Model Development Discussions}}
@string{GRL      = {Geophysical Research Letters}}
@string{HESSD    = {Hydrology and Earth System Sciences Discussions}}
@string{HESS     = {Hydrology and Earth System Sciences}}

@string{IAOP     = {Izvestia Atmos. Oceanic Phys.}}
@string{ICARUS   = {Icarus}}
@string{IJC      = {International Journal of Climatology}}
@string{IJAEOG   = {International Journal of Applied Earth Observation and Geoinformation}}
@string{IJES     = {International Journal of Earth Sciences}}
@string{IJRS     = {International Journal of Remote Sensing}}
@string{IJRSP    = {Indian Journal of Radio \& Space Physics}}
@string{IJIMW    = {International Journal of Infrared and Millimeter Waves}}
@string{IJSC     = {International Journal of Satellite Communications}}
@string{IP       = {Infrared Physics}}
@string{IPT      = {Infrared Physics \& Technology}}
@string{I3EGRS   = {IEEE Geoscience and Remote Sensing}}
@string{I3EGRSL  = {IEEE Geoscience and Remote Sensing Letters}}
@string{I3EJOE   = {IEEE Journal of Oceanic Engineering}}
@string{I3EJSTARS = {IEEE Journal of Selected Topics in Applied Earth Observations and Remote Sensing}}
@string{I3ETAP   = {IEEE Transactions Antennas Propagation}}
@string{I3ETC    = {IEEE Transactions on Communications}}
@string{I3ETGE   = {IEEE Transactions Geoscience Electronics}}
@string{I3ETGRS  = {IEEE Transactions on Geoscience and Remote Sensing}}
@string{I3ETMTT  = {IEEE Transactions on Microwave Theory and Techniques}}
@string{I3ETNN   = {IEEE Transactions on Neural Networks}}
@string{I3ETIP   = {IEEE Transactions on Image Processing}}

@string{JAMES    = {Journal of Advances in Modeling Earth Systems}}
@string{JAC      = {Journal of the Atmospheric Chemistry}}
@string{JAES     = {Journal of Aerosol Science}}
@string{JAM      = {Journal of Applied Meteorology}}
@string{JAMC     = {Journal of Applied Meteorology and Climatology}}
@string{JAO      = {Journal of Applied Optics}}
@string{JAOT     = {Journal of Atmospheric and Oceanic Technology}}
@string{JAP      = {Journal of Applied Physics}}
@string{JARS     = {Journal of Applied Remote Sensing}}
@string{JAS      = {Journal of the Atmospheric Sciences}}
@string{JASTP    = {Journal of Atmosphere Solar-Terr. Physics}}
@string{JATP     = {Journal of Atmosphere Terr. Physics}}
@string{JAWMA    = {Journal of the Air \& Waste Management Association}}
@string{JC       = {Journal of Climate}}
@string{JES      = {Journal of the Earth Simulator}}
@string{JH       = {Journal of Hydrology}}
@string{JCAM     = {Journal of Climate and Applied Meteorology}}
@string{JCG      = {Journal of Crystal Growth}}
@string{JCP      = {Journal of Chemical Physics}}
@string{JCSFT    = {Journal of the Chemical Society Faraday Transactions}}
@string{JFM      = {Journal of Fluid Mechanics}}
@string{JG       = {Journal of Geodesy}}
@string{JGR      = {Journal of Geophysical Research}}
@string{JGRa     = {Journal of Geophysical Research: Atmospheres}}
@string{JGRo     = {Journal of Geophysical Research: Oceans}}
@string{JGRP     = {Journal of Geophysical Research: Planets}}
@string{JIMTW    = {Journal of Infrared, Millimeter and Terahertz Waves}}
@string{JLTP     = {Journal of Low Temperature Physics}}
@string{JM       = {Journal of Meteorology}}
@string{JMS      = {Journal of Molecular Structure}}
@string{JMSL     = {Journal of Molecular Liquids}}
@string{JMSp     = {Journal of Molecular Spectroscopy}}
@string{JMSJ     = {Journal of the Meteorological Society of Japan}}
@string{JOA      = {Journal of Optics A: Pure and Applied Optics}}
@string{JOH      = {Journal of Hydrometeorology}}
@string{JOSA     = {Journal of the Optical Society of America}}
@string{JOSAA    = {Journal of the Optical Society of America A}}
@string{JOSAB    = {Journal of the Optical Society of America B}}
@string{JOTA     = {Journal of Optimization Theory and Applications}}
@string{JPC      = {Journal of Physical Chemistry}}
@string{JPCA     = {Journal of Physical Chemistry A}}
@string{JPCM     = {Journal of Physics: Condensed Matter}}
@string{JPAGP    = {Journal of Physics A: General Physics}}
@string{JPAMG    = {Journal of Physics A: Mathematical and General}}
@string{JPESI    = {Journal of Physics E: Scientific Instruments}}
@string{JPIVF    = {Journal de Physique IV}}
@string{JCOP     = {Journal of Computational Physics}}
@string{JCTE     = {Journal of Communications Technology and Electronics}}
@string{JPPA     = {Journal of Photochemistry and Photobiology A: Chemistry}}
@string{JPO      = {Journal of Physical Oceanography}}
@string{JQSRT    = {Journal of Quantitative Spectroscopy and Radiative Transfer}}

@string{MA       = {Meteorological Applications}}
@string{MAP      = {Meteorology and Atmospheric Physics}}
@string{MBT      = {Meteorological Bulletin, Taiwan}}
@string{MC       = {Monatliche Correspondenz zur Bef√∂rderung der Erd- und Himmels-Kunde}}
@string{MM       = {Meteorological Monographs}}
@string{MMS      = {Multiscale Modeling and Simulation}}
@string{MNRAS    = {Monthly Notices of the Royal Astronomical Society}}
@string{MP       = {Molecular Physics}}
@string{MR       = {Meteorologische Rundschau}}
@string{MRRSE    = {Microwave Radiometry and Remote Sensing of the Environment, 2014 13th Specialist Meeting on}}
@string{MSSP     = {Mechanical Systems and Signal Processing}}
@string{MST      = {Measurement Science and Technology}}
@string{MZ       = {Meteorologische Zeitschrift}}
@string{MWR      = {Monthly Weather Review}}
@string{MZ       = {Meteorologische Zeitschrift}}

@string{N        = {Nature}}
@string{NCC      = {Nature Climate Change}}
@string{NCPGH    = {Nature Clinical Practice Gastroenterology \& Hepatology}}
@string{NG       = {Nature Geoscience}}
@string{NP       = {Nature Physics}}
@string{NHESS    = {Natural Hazards and Earth System Science}}
@string{NPJCAS   = {npj Climate and Atmospheric Science}}
@string{NREE     = {Nature Reviews Earth \& Environment}}
@string{NS       = {Nature Sustainability}}
@string{NW       = {Naturwissenschaften}}
@string{NWD      = {National Weather Digest}}
@string{NPG      = {Nonlinear Processes in Geophysics}}

@string{OE       = {Optics Express}}
@string{OLE      = {Optics and Lasers in Engineering}}
@string{OS       = {Optics and Spectroscopy}}

@string{P        = {Physics}}
@string{PAC      = {Pure Applied Chemistry}}
@string{PASP     = {Publication of the Astronomical Society of Pacific}}
@string{PCE      = {Physics and Chemistry of the Earth}}
@string{PD       = {Physica D: Nonlinear Phenomena}}
@string{PERS     = {Photogrammetric Engineering and Remote Sensing}}
@string{PG       = {Politics and Governance}}
@string{PLA      = {Physics Letters A}}
@string{PMG      = {Papers in Meteorology and Geophysics}}
@string{PNAS     = {Proceedings of the National Academy of Sciences}}
@string{PPG      = {Progress in Physical Geography}}
@string{PPSB     = {Proceedings of the Physical Society, Section B}}
@string{PR       = {Physical Review}}
@string{PRA      = {Physical Review A}}
@string{PRD      = {Physical Review D}}
@string{PRE      = {Physical Review E}}
@string{PRL      = {Physical Review Letters}}
@string{PRSA     = {Proceedings of the Royal Society A}}
@string{PRSLA    = {Proceedings of the Royal Society of London A}}
@string{PSS      = {Planetary and Space Science}}
@string{PSPIE    = {Proceedings of SPIE - The International Society for Optical Engineering}}
@string{PT       = {Physics Today}}
@string{PTRSLA   = {Philosophical Transactions of the Royal Society of London A}}
@string{PTRSA    = {Philosophical Transactions of the Royal Society A}}
@string{PW       = {Physics WORLD}}
@string{PU       = {Physics Uspekhi}}

@string{QJRMS    = {Quarterly Journal of the Royal Meteorological Society}}

@string{RESE     = {Remote Sensing}}
@string{RG       = {Reviews of Geophysics}}
@string{RMP      = {Reviews of Modern Physics}}
@string{RPP      = {Reports on Progress in Physics}}
@string{RQE      = {Radiophysics and Quantum Electronics}}
@string{RS       = {Radio Science}}
@string{RSE      = {Remote Sensing of Environment}}
@string{RSI      = {Review Scientific Instruments}}
@string{RSOS     = {Royal Society Open Science}}
@string{RSR      = {Remote Sensing Reviews}}
@string{RSPR     = {Remote Sensing of Polar Regions}}

@string{SAPAMBS  = {Spectrochimica Acta Part A: Molecular and Biomolecular Spectroscopy}}
@string{S        = {Science}}
@string{SA       = {Scientific American}}
@string{SAD      = {Science Advances}}
@string{SD       = {Scientifc Data}}
@string{SG       = {Surveys in Geophysics}}
@string{SOLA     = {Scientific Online Letters on the Atmosphere}}
@string{SP       = {Soviet Physics Uspekhi}}
@string{SOP      = {Solar Physics}}
@string{SREP     = {Scientific Reports}}
@string{SSR      = {Space Science Reviews}}
@string{SW       = {Spekturm der Wissenschaft }}


@string{T        = {Tellus}}
@string{TA       = {Tellus A: Dynamic Meteorology and Oceanography}}
@string{TAC      = {Theoretical and Applied Climatology}}
@string{TAO      = {Terrestrial, Atmospheric and Oceanic Sciences Journal}}
@string{TKDD     = {ACM Transactions on Knowledge Discovery from Data}}
@string{TOMS     = {ACM Transactions on Mathematical Software}}

@string{US       = {Urban Science}}

@string{VS       = {Vibrational Spectroscopy}}

@string{W        = {Weather}}
@string{WCD      = {Weather and Climate Dynamics}}
@string{WF       = {Weather and Forecasting}}
@string{WIRCC    = {Wiley Interdisciplinary Reviews: Climate Change}}
@string{WRR      = {Water Resources Research}}
@string{WRM      = {Waves in Random Media}}

@string{Z	 = {Die Zeit}}

