@article{abauer:91,
 Author    = {A. Bauer and M. Godon},
 Title     = {Temperature Dependence of Water-Vapor Absorption in 
              Linewings at 190 {GH}z},
 Journal   = JQSRT,
 Year      = 1991,
 Volume    = {46},
 Pages     = {211-220}
  }


@TechReport{abauer:98b,
author =       {A. Bauer and M. Birk and S. B{\"u}hler and
                  J.~M. Colmont and A. {von Engeln} and K. K{\"u}nzi
                  and A. Perrin and D. Priem and G. Wagner and
                  G. Wlodarczak},
title =        {Study on a spectroscopic database for millimeter
                  and submillimeter wavelengths, Final Report},
institution =  {ESTEC},
year =         {1998},
Type   =       {Final Report},
number =       {Contract No 11581/95/NL/CN},
Address =      {Noordwijk},
month =        {February}
}


@article{abaueretal:86,
 Author    = {A. Bauer and B. Duterage and M. Godon},
 Title     = {Temperature Dependence of Water Vapor Absorptionin the Wing 
              of the 183 {GH}z Line},
 Journal   = {JQSRT},
 Year      = 1986,
 Volume    = {36},
 Pages     = {307-318}
  }


@article{abaueretal:89,
 Author    = {A. Bauer and M. Godon and M. Kheddar and J.~M. Hartmann},
 Title     = {Temperature and perturber dependence of water vapor 
              line broadening: Experiments at 183 {GH}z; Calculations 
              below 1000 {GH}z},
 Journal   = JQSRT,
 Year      = 1989,
 Volume    = {41},
 Pages     = {49-54}
  }

@article{abaueretal:93,
 Author    = {A. Bauer and M. Godon and J. Carlier and Q. Ma and 
              R.~H. Tipping},
 Title     = {Absorption by {H₂O} and {H₂O-N₂} mixtures at 153 {GH}z},
 Journal   = JQSRT,
 Year      = {1993},
 Volume    = {50},
 Pages     = {463-475}
  }

@article{abaueretal:95,
 Author    = {A. Bauer and M. Godon and J. Carlier and Q. Ma},
 Title     = {Water vapor absorption in the atmospheric window at
              239 {GH}z},
 Journal   = JQSRT,
 Year      = 1995,
 Volume    = {53},
 Pages     = {411-423}
  }

@article{abaueretal:96,
 Author    = {A. Bauer and M. Godon and J. Carlier and R.~R. Gamache},
 Title     = {Absorption of a {H₂O-CO₂} in the atmospheric window at 
              239 {GH}z; {H₂O-CO₂} linewidths and continuum},
 Journal   = {J Mol Spectrosc},
 Year      = 1996,
 Volume    = {176},
 Pages     = {45-57}
  }

@article{abaueretal:98,
 Author    = {A. Bauer and M. Godon and J. Carlier and R.~R. Gamache},
 Title     = {Continuum in the  Window of the Water Vapor Spectrum. 
              Absorption of {H₂O}-{A}r at 
              239 {GH}z and Linewidth Calculations},
 Journal   = JQSRT,
 Year      = 1998,
 Volume    = {59},
 Pages     = {273-285}
  }



@techreport{abreu:96,
 author    = {F.~X. Kneizys and L.~W. Abreu and G.~P. Anderson and 
              J.~H. Chetwynd and E.~P. Shettle and 
              A. Berk and L.~S. Bernstein and D.~C. Robertson and 
              P. Acharya and L.~S. Rothman and J.~E.~A. Selby and
              W.~O. Gallery and S.~A. Clough},
 Title     = {The {MODTRAN}2/3 Report and {LOWTRAN}7 Model
             Laboratory studies and propagation modelling},
 Year      = 1996,
 Institution = {Phillips Laboratory, Geophysical Directorate, PL/GPOS},
 Number    = {1/11/96},
 Adress    = {39 Randolph Road, Hanscom AFB, MA 01731-3010},
 note      = {editors: L.~W. Abreu and G.~P. Anderson}
  }

@TechReport{anderson:86,
  author =	 "G. P. Anderson and S. A. Clough and F. X Kneizys and
                  J. H. Chetwynd and E. P. Shettle",
  title =	 "{AFGL} atmospheric constituent profiles
                  (0--120 km)",
  institution =	 "{AFGL}",
  year =	 1986,
  number =	 "TR-86-0110"
}

@article{balluch:97,
 Author    = {M. Balluch and D.J. Lary},  
 Title     = {Refraction and atmospheric photochemistry},
 Year      = 1997,
 Journal   = JGR,
 Volume    = 102,
 Pages     = {8845--8854}
}

@Article{Bates1984_Rayleigh,
  author    = {D.R. Bates},
  journal   = {Planetary and Space Science},
  title     = {Rayleigh scattering by air},
  year      = {1984},
  issn      = {0032-0633},
  number    = {6},
  pages     = {785--790},
  volume    = {32},
  abstract  = {The Rayleigh scattering cross section for air is calculated from published experimental and theoretical results account being taken of the dispersion of the King correction factor. The spectral region 0.2mμ ⩽ λ ⩽ 1.0mμ is covered.},
  doi       = {10.1016/0032-0633(84)90102-8},
  file      = {:Bates1984_Rayleigh.pdf:PDF},
  timestamp = {2021-01-13},
  url       = {http://www.sciencedirect.com/science/article/pii/0032063384901028},
}

@Article{battaglia07:_microw_jqsrt,
  author = 	 {A. Battaglia and C. P. Davis and C. Emde and
                  C. Simmer}, 
  title = 	 {Microwave radiative transfer intercomparison study
                  for 3-{D} dichroic media}, 
  journal = 	 JQSRT,
  year = 	 2007,
  volume =       105,
  number =       1,
  pages =        {55--67},
  doi =          {10.1016/j.jqsrt.2006.09.017},
  ALTnote =	 {DOI: 10.1016/j.jqsrt.2006.09.017},
}

@article{beckerautler:46,
  author = 	 {G.~E. Becker and S.~H. Autler},
  title = 	 {Water vapor absorption of electromagnetic radiation 
                  in the centimeter wavelength range},
  journal =	 pr,
  year =	 1946,
  volume =	 70,
  pages =	 {300-307}
}

@Article{ben-reuven66:_impact_pr,
  author = 	 {A. Ben-Reuven},
  title = 	 {Impact Broadening of Microwave Spectra},
  journal = 	 PR,
  year = 	 1966,
  volume =	 145,
  number =	 1,
  pages =	 {7--22}
}

@book{bernath:95,
 AUTHOR    = {P. Bernath},
 TITLE     = {Spectra of Atoms and Molecules},
 Publisher = {Oxford University Press},
 Adress    = {New York, Oxford},
 Year      = 1995,
 Note      = {{ISBN} 0-195-07598-6}
  }

@article{berton:00,
  author = 	 {R.~P.~H. Berton},
  title = 	 {Statistical distribution of water content and sizes for 
                  clouds above {E}urope},
  journal =	 AG,
  year =	 2000,
  volume =	 18,
  pages =	 {385-397}
}

@Article{bevis94:_gps_jam,
  author =       {M. Bevis and S. Businger and S. Chiswell and Th. A. Herring
                  and R. A. Anthes and Ch. Rocken and R. H. Ware},
  title =        {{GPS} Meteorology: Mapping Zenith Wet Delays onto Precipitable
                  Water},
  journal =      JAM,
  year =         1994,
  volume =       33,
  pages =        {379--386},
  doi =          {10.1175/1520-0450(1994)033<0379:GMMZWD>2.0.CO;2},
  file =         {bevis94_gps_jam.pdf},
  keywords =     {refractive index, microwave},
}

@Article{Bodhaine:99,
  author    = {Bodhaine, Barry A. and Wood, Norman B. and Dutton, Ellsworth G. and Slusser, James R.},
  journal   = JAOT,
  title     = {{On Rayleigh Optical Depth Calculations}},
  year      = {1999},
  number    = {11},
  pages     = {1854--1861},
  volume    = {16}
}

@Book{bohren:98,
  author    = {C. Bohren and D.~R. Huffman},
  publisher = {Wiley Science Paperback Series},
  title     = {Absorption and Scattering of Light by Small Particles},
  year      = {1998},
  timestamp = {2021-11-22},
}

@Book{born:80,
  author    = {M. Born and E. Wolf},
  publisher = {Pergamon Press},
  title     = {Principles of optics},
  year      = {1980},
  timestamp = {2021-11-22},
}

@article{borysow:86,
 Author    = {A. Borysow and L. Frommhold},
 Title     = {Collision induced Rototranslational Absorption Spectra of 
              {N}₂--{N}₂ Pairs for Temperatures 
              from 50 to 300 {K}},
 Journal   = AJ,
 Year      = 1986,
 Volume    = 311,
 Pages     = {1043-1057}
  }

@inproceedings{brancik:06,
  author={L. Bran\v{c}\'{i}k},
  title={Techniques of Matrix Exponential Function Derivative for Electrical Engineering Simulations},
  booktitle={Proceedings of IEEE International Conference on Industrial Technology},
  address={Mumbai (India): Indian Institute of Technology Bombay},
  year={2006},
  pages={2608--2613},
}

@article{buehler:artst:05,
 author  = {S. A. Buehler and P. Eriksson and T. Kuhn and A. von Engeln and 
            C. Verdes},
 title   = {{ARTS, the Atmospheric Radiative Transfer Simulator}},
 journal = JQSRT,
 volume  = {91},
 pages   = {65--93},
 doi     = {10.1016/j.jqsrt.2004.05.051},
 year    = {2005},
}

@article{buehler:recen:06,
 author  = {S. A. Buehler and von Engeln, A. and E. Brocard and
            V. O. John and T. Kuhn and P. Eriksson},
 title   = {Recent developments in the line-by-line modeling of
            outgoing longwave radiation},
 journal = JQSRT,
 volume  = {98},
 number  = {3},
 pages   = {446--457},
 doi     = {10.1016/j.jqsrt.2005.11.001}, 
 year    = {2006},
}

@article{buehler:effic:10,
 author  = {S. A. Buehler and V. O. John and A. Kottayil and M. Milz and 
            P. Eriksson},
 title   = {Efficient radiative transfer simulations for a broadband infrared
            radiometer - {C}ombining a weighted mean of representative
            frequencies approach with frequency selection by simulated
            annealing},
 journal = JQSRT,
 volume  = {111},
 pages   = {602--615},
 doi     = {10.1016/j.jqsrt.2009.10.018},
 year    = {2010},
}

@Article{buehler:absor:11,
  author = 	 {S. A. Buehler and P. Eriksson and O. Lemke},
  title = 	 {Absorption lookup tables in the radiative transfer model ARTS},
  journal = 	 JQSRT,
  year = 	 {2011},
  volume =       {112},
  number =       {10},
  pages =        {1559--1567},
  doi =          {10.1016/j.jqsrt.2011.03.008},
}

@Book{brussaard:95,
  author    = {G. Brussaard and P.~A. Watson},
  publisher = {Chapman \& Hall},
  title     = {Atmospheric Modelling and Millimetre Wave Propagation},
  year      = {1995},
  note      = {{ISBN} 0-412-56230-8},
  adress    = {London},
  timestamp = {2021-11-22},
}


@Book{chandrasekhar:60,
  author =       {S. Chandrasekhar}, 
  title = 	 {Radiative Transfer},
  publisher = 	 {Dover Publications},
  address =      {New York},
  year = 	 {1960},
  isbn = 	 {0-486-60590-6},
  pages = 	 {393}
}

@article{chase:85,
 Author    = {Chase, M.~W. and C.~A. Davies and J.~R. Downey and  D.~J. Frurip and R.~A. McDonald},
 Title     = {JANAF Thermochemical Tables, Third Edition},
 journal   = {JPCRD},
 Year      = {1985},
 Volume    = {14},
 Pages     = {1274}
  }

@incollection{clough:80,
 Editor    = {A. Deepak and T. Wilkerson and L. Ruhnke},
 Author    = {S.~A. Clough and F.~X. Kneizys and R.~W. Davis and 
              R.~R. Gamache and R.~H. Tipping},
 Title     = {Theoretical Line Shape for {H₂O} vapor: Application 
              to the Continuum},
 Booktitle = {Atmospheric Water Vapor},
 Publisher = {Academic Press},
 Year      = 1980
  }


@article{clough:89,
 Author    =   {S.~A. Clough and F.~X. Kneizys and R.~W. Davis},
 Title     =   {Line Shape and Water Vapor Continuum},
 Journal   = {Atmospheric Research},
 Year      = 1989,
 Volume    = 23,
 Pages     = {229-241}
  }

@article{clough:92,
 Author    =   {S.~A. Clough and M.~J. Iacono and J.-L. Moncet},
 Title     =   {Line-by-Line Calculations of Atmospheric Fluxes and 
                Cooling Rates: Application to Water Vapor},
 Journal   = JGR,
 Year      = 1992,
 Volume    = 97,
 Pages     = {15761-15785}
  }


@misc{clough:99,
 Author    = "S.~A. Clough",
 Title     = "{WWW} home page",
 Note      = "{AER} Inc., 840 Memorial Drive., Cambridge, MA 02139 (ftp://ftp.aer.com/aer\_contnm\_ckd/)",
 Year      = 1999
  }

@article{costaetal:00,
 Author    = {A.~A. Costa and G.~P. Almeida and A.~J.~C. Sampaio},
 Title     = {A bin-microphysics cloud model with high-order, 
              positive-definite advection},
 Journal   = AR,
 Year      = 2000,
 Volume    = {55},
 Pages     = {225-255}
  }

@PhdThesis{czekala99:_microw,
  author = 	 {H. Czekala},
  title = 	 {Microwave radiative transfer calculations with multiple scattering by nonspherical hydrometeors},
  school = 	 {Rheinische Friedrich-Wilhems-Universität Bonn},
  year = 	 1999,
  address =	 {Auf dem Hügel 20, 53121 Bonn}
}

@article{cruzpol:98,
 Author    = {S.~L. {Cruz~Pol} and Ch.~S. Ruf and S.~J. Keihm},  
 Title     = {Improved 20-- to 32--{GH}z atmospheric absorption model},
 Year      = 1998,
 Journal   = RS,
 Volume    = 33,
 Pages     = {1319-1333},
 Note      = {updated version can be downloaded from 
              {http://ece.uprm.edu/~pol/Atmosphere.html+}}
 }

@article{dagg:75,
 Author    = {I.~R. Dagg and G.~E. Reesor and J.~L. Urbaniak},
 Title     = {Collision induced absorption in {N}₂, 
              {CO}₂, and {H}₂ at 2 cm⁻¹},
 Journal   = CJP,
 Year      = 1975,
 Volume    = {53},
 Pages     = {1764-1776}
  }

@article{dagg:78,
 Author    = {I.~R. Dagg and G.~E. Reesor and M. Wong},
 Title     = {A microwave cavity measurement of collision-induced absorption 
              in {N}₂ and {CO}₂ at 4.6 cm⁻¹},
 Journal   = {Can. J. Phys.},
 Year      = 1978,
 Volume    = {56},
 Pages     = {1037-1045}
  }

@Book{Dattorro2011,
  author       = "Jon Dattorro",
  title        = "Convex Optimization \& Euclidean Distance Geometry",
  publisher    = "Meboo Publishing USA",
  year         = "2011",
}

@article{davisetal:04,
  author = {C. Davis and C. Emde and R. Harwood},
  title  = {A 3{D} polarized reversed Monte Carlo radiative transfer model 
            for mm and sub-mm passive remote sensing in cloudy atmospheres},
  journal =	I3ETGRS,
  volume  = 43,
  number  = 6, 
  year    =	{2005},
  month   = {May},
  pages   = {1096-1101},
}

@article{delanoe2014normalized,
  title={Normalized particle size distribution for remote sensing application},
  author={Delano{\"e}, JME and Heymsfield, Andrew J and Protat, Alain and Bansemer, Aaron and Hogan, RJ},
  journal=JGR,
  volume={119},
  number={7},
  pages={4204--4227},
  year={2014},
  publisher={Wiley Online Library}
}

@Article{donovan:01,
  author = 	 {D. P. Donovan and A. C. A. P. van Lammeren},
  title = 	 {Cloud effective particle size and water content profile 
              retrievals using combined lidar and radar observations 
              1. {T}heory and examples},
  journal = JGR,
  year    = {2001},
  volume  =	106,
  pages   =	{27425-27448},
}

@article{drayson:76,
 Author    = {S.~R. Drayson},
 Title     = {Rapid computation of the {V}oigt profile},
 Journal   = JQSRT,
 Year      = 1976,
 Volume    = {16},
 Pages     = {611}
  }

@incollection{elgered:93,
 AUTHOR    = {G. Elgered},
 TITLE     = {Tropospheric radio-path delay from ground-based microwave 
              radiometry},
 BOOKTITLE = {Atmospheric remote sensing by microwave radiometry},
 PUBLISHER = {Wiley-Interscience},
 YEAR      = 1993,
 EDITOR    = {M.A. Janssen},
 CHAPTER   = 8,
 PAGES     = {215--258},
 EDITION   = 1,
}

@article{englishetal:94,
 Author    = {S.~J. English and C. Guillou and C. Prigent and D.~C. Jones},
 Title     = {Aircraft measurements of water vapor continuum absorption 
              at millimeter wavelengths},
 Journal   = QJRMS,
 Year      = {1994},
 Volume    = {120},
 Pages     = {603-625}
  }

@article{emde04:_doit_jgr,
  author =	 {C. Emde and S. A. Buehler and C. Davis and P. Eriksson and T. R. Sreerekha and
                  C. Teichmann},
  title =	 {A Polarized Discrete Ordinate Scattering Model for Simulations of Limb and Nadir
                  Longwave Measurements in 1{D}/3{D} Spherical Atmospheres},
  journal =	 JGR,
  volume =       {109},
  number =       {D24},
  eid =          {D24207},
  doi =          {10.1029/2004JD005140},
  year =	 {2004},
  month =        {December},
}

@article{emde04:_limb_radiances,
  author =	 {C. Emde and S. A. Buehler and P. Eriksson and T. R.
                  Sreerekha},
  title =	 {The effect of cirrus clouds on microwave limb radiances},
  journal =	 AR,
  year =	 {2004},
  volume =       {72},
  number = 	 {1--4},
  pages =	 {383--401},
  month =        {November-December},
  doi =          {10.1016/j.atmosres.2004.03.023},   
}

@TechReport{sreerekha04:_devel_rt_ghz_wp1,
  author = 	 {C. Emde and T. R. Sreerekha},
  title = 	 {Development of a {RT} model for frequencies between 200 and 1000~{GHz, WP1.2 Model Review}},
  institution =  {ESTEC Contract No AO/1-4320/03/NL/FF},
  year = 	 2004,
  month =	 {February}
}

@PhdThesis{emde05:_phdthesis,
  author    = {Claudia Emde},
  school    = {University of Bremen},
  title     = {A polarized discrete ordinate scatterig model for radiative transfer simulations in spherical atmospheres with thermal source},
  year      = {2005},
  month     = {January},
  timestamp = {2021-11-22},
}

@article{eriksson:00a,
 author  = {P. Eriksson and F. Merino and D. Murtagh and P. Baron and
            P. Ricaud and J. de La No\"e},
 title   = {Studies for the {O}din sub-millimetre radiometer:
            1. {R}adiative transfer and instrument simulation},
 journal = CJP,
 volume  = {80},
 pages   = {321--340},
 year    = {2002},
}


@article{eriksson:01c,
 author  = {P. Eriksson and C. Jim\'enez and S. B\"uhler and D. Murtagh},
 title   = {A {H}otelling transformation approach for rapid inversion of
            atmospheric spectra},
 journal = JQSRT,
 volume  = {73},
 pages   = {529--543},
 doi     = {10.1016/S0022-4073(01)00175-3},
 year    = {2002},
}


@TechReport{eriksson:01d,
  author =       {P. Eriksson and C. Jim\'enez and D. Murtagh and G. Elgered
                  and T. Kuhn and S. B{\"u}hler},
  title =        {Assessment of uncertainties in {LEO-LEO} transmission 
                  observations through the troposphere/stratosphere},
  institution =  {ESTEC / Contract No ???},
  year =         2001,
}


@article{eriksson:06,
  author = {P. Eriksson and M. Ekstr{\"o}m and S. B{\"u}hler and C. Melzheimer},
  title = {Efficient forward modelling by matrix representation of sensor 
           responses},
  year = 2006,
  journal = IJRS,
  volume = 27,
  pages = {1793-1808}
}

@article{eriksson:studi:02,
 author  = {P. Eriksson and F. Merino and D. Murtagh and P. Baron and
            P. Ricaud and J. de La No\"e},
 title   = {Studies for the {O}din sub-millimetre radiometer:
            1. {R}adiative transfer and instrument simulation},
 journal = CJP,
 volume  = {80},
 pages   = {321--340},
 year    = {2002},
 html-abstract = {www.nrc.ca/cgi-bin/cisti/journals/rp/rp2_abst_e?cjp_p02-024_80_ns_nf_cjpS1-02},
}

@article{eriksson:analy:00,
 author  = {P. Eriksson},
 title   = {Analysis and comparison of two linear regularization
	        methods for passive atmospheric observations},
 journal = JGR,
 volume  = {105(D14)},
 pages   = {18157--18167},
 year    = {2000},
 html-fullfile = {www.agu.org/journals/jd/jd0014/2000JD900172/pdf/2000JD900172.pdf},
}
 
@techreport{eriksson:97a,
 Author    = {P. Eriksson and F. Merino},
 Title     = {On simulating passive observations of the 
		  middle atmosphere in the range 1~-~1000~{GHz}},
 Year      = 1997,
 Institution = {Department of Radio and Space Science, 
		  Chalmers University of Technology, Sweden},
 Number    = 179,
}

@phdthesis{eriksson:99,
 Author    = {P. Eriksson},
 Title     = {Microwave radiometric observations of the middle
		  atmosphere: Simulations and inversions},
 Year      = 1999,
 School    = {School of Electrical and Computer Engineering, 
		  Chalmers University of Technology, Sweden},
}

@article{eriksson:arts2:11,
  author    = {P. Eriksson and S. A. Buehler and C. P. Davis and C. Emde and
               O. Lemke},
  title     = {{ARTS}, the atmospheric radiative transfer simulator, 
               Version 2},
  journal   = JQSRT,
  year      = {2011},
  volume    = {112},
  pages     = {1551--1558},
  doi       = {10.1016/j.jqsrt.2011.03.001},
}

@Article{evans:98,
  author = 	 {K. F. Evans and S. J. Walter and A. J. Heymsfield and M. N. Deeter},
  title = 	 {Modeling of Submillimeter Passive Remote Sensing of Cirrus Clouds},
  journal = 	 {J. Appl. Met.},
  year = 	 {1998},
  volume = 	 {37},
  pages = 	 {184-205},
 }

@article{godon:00,
 Author    = {Godon M, Bauer A, Gamache RR},
 Title     = {The continuum of water vapor mixed with methane; absolute absorption
              at 239 {GH}z and linewidths calculations},
 Journal   = {J Molec Spectrosc},
 Year      = 2000,
 Volume    = {202},
 Pages     = {293-302}
  }

@article{godonetal:92,
 Author    = {M. Godon and J. Carlier and A. Bauer},
 Title     = {Laboratory Studies of Water Vapor Absorption in the
              Atmospheric Window at 213 {GH}z},
 Journal   = JQSRT,
 Year      = 1992,
 Volume    = {47},
 Pages     = {275--285}
  }

@inbook{goldstein:polar:03,
 author    = {D. Goldstein},
 title     = {Polarized light},
 chapter   = {The Stokes parameters and Mueller matrices for optical
             activity and Faraday rotation},
 publisher = {Marcel Dekker, Inc., USA},
 year      = {2003},
}

@book{goody:95,
 AUTHOR    = {R. M. Goody},
 TITLE     = {Principles of atmospheric physics and chemistry},
 Publisher = {Oxford University Press},
 Adress    = {New York, Oxford},
 Year      = 1995,
  }

@book{goodyandyung:89,
 AUTHOR    = {R. M. Goody and Y. L. Yung},
 TITLE     = {Atmospheric radiation, theoretical basis},
 Publisher = {Oxford University Press},
 Adress    = {New York, Oxford},
 Year      = 1989,
 Note      = {second edition}
  }

@book{Golub_Loan:91,
  author = 	 {Golub, G. H. and C. F. Van Loan},
  ALTeditor = 	 {},
  title = 	 {Matrix computations},
  publisher = 	 {Hopkins Univ. Press},
  year = 	 {1991},
  series = 	 {Johns Hopkins series in the mathematical sciences ; 3},
  edition = 	 {2}
 }

@book{gordyandcook:70,
 AUTHOR    = {W. Gordy and R. Cook},
 TITLE     = {Microwave Molecular Spectra},
 Publisher = {Interscience Publishers},
 Adress    = {New York, London, Sydney, Toronto},
 Year      = 1970,
 Note      = {{SBN} 471 93161 6}
  }

@Article{haugstad:78:effec,
  author =	 {B. S. Haugstad},
  title =	 {Effects of the inhomogenous background on radiation 
              propagating through turbulent planetary atmospheres},
  journal =	 {Radio Science},
  year =	 1978,
  volume =	 13,
  number =   3,
  pages =	 {435--440},
}

@Article{haugstad:78:turbu,
  author =	 {B. S. Haugstad},
  title =	 {Turbulence in planetary occultations III. Effects on atmospheric
                  profiles derived from intensity measurements},
  journal =	 {Icarus},
  year =	 1978,
  volume =	 3,
  pages =	 {422--435},
}

@book{herzberg:45,
 AUTHOR    = {Gerhard Herzberg},
 TITLE     = {Infrared and Raman Spectra of Polyatomic Mollecules},
 Publisher = {Van Nostrand Reinhold Company},
 Adress    = {135 West 50th Street, New York, N.Y. 10200},
 Year      = 1945,
 Note      = {{ISBN} 0-442-03386-9}
  }

@article{hess:98,
 Author    = {M. Hess and P. Koepke and I. Schult},
 Title     = {Optical Properties of Aerosols and Clouds: 
              The Software Package {OPAC}},
 Journal   = BAMS,
 Year      = 1998,
 Volume    = 79,
 Pages     = {831-844}
}

@article{hill:86,
 Author    = {R.~J. Hill},
 Title     = {Water vapor--absorption line shape comparison using the 
              22 {GH}z line: {T}he 
              {V}an~{V}leck--{W}eisskopf shape affirmed},
 Journal   = RS,
 Year      = 1986,
 Volume    = 21,
 Pages     = {447-451}
}

@article{ho:66,
 Author    = {W. Ho and I.~A. Kaufman and P. Thaddeus},
 Title     = {Laboratory measurement of microwave absorption in models 
              of the atmosphere of {V}enus},
 Journal   = JGR,
 Year      = 1966,
 Volume    = {71},
 Pages     = {5091-5108}
  }

@BOOK{hochstadt:64,
 author = "H. Hochstadt",
 title = "Differential Equations: A Modern Approach",
 publisher = "Holt, Rinehart, and Winston",
 year = 1964
}

@Article{hufford:91,
  author  = {G.~A. Hufford},
  title   = {A Model for the Complex Permittivity of Ice at Frequencies below 1 THz},
  journal = IJIMW,
  year    = {1991},
  volume  = {12},
  number  = {7},
  pages   = {677-682}
}

@Article{hui:78,
  author  = {A.~K. Hui and B.~H.Armstrong and A.~A. Wray},
  title   = {Rapid computation of the Voigt and complex error functions},
  journal = JQSRT,
  year    = {1978},
  volume  = {19},
  pages   = {509-516}
}

@Book{hulst57:_light_scatt_small,
  author =	 {H.C. {van de Hulst}},
  title = 	 {Light Scattering by Small particles},
  publisher = 	 {Dover Publications},
  year = 	 1957,
  address =	 {New York},
  note =	 {corrected republication 1981}
}

@inbook{ippolito:satco:08,
 author    = {L. J. Ippolito},
 title     = {Satellite communications systems engineering},
 chapter   = {The RF link},
 publisher = {John Wiley and Sons Ltd,UK},
 year      = {2008},
}

@ARTICLE{ishimoto:02,
author = "H. Ishimoto and K. Masuda",
title = "A Monte Carlo approach for the calculation of polarized light:
   application to an incident narrow beam", 
journal = JQSRT,
volume = 72,
number = 4,
pages = {462-483},
year =  2002}

@Book{jackson98:_class,
  author =	 {J. D. Jackson},
  title = 	 {Classical electrodynamics},
  publisher = 	 {John Wiley \& Sons},
  year = 	 1998,
  address =	 {New York}
}

@Book{janssen:93,
  OPTauthor =    {},
  title =        {Atmospheric remote sensing by microwave radiometry},
  publisher =    {John Wiley \& Sons, Inc.},
  year =         {1993},
  OPTkey =       {},
  editor =       {Michael A. Janssen},
  OPTvolume =    {},
  OPTnumber =    {},
  OPTseries =    {},
  address =      {New York},
  OPTedition =   {},
  OPTmonth =     {},
  OPTnote =      {},
  annote =       {ISBN: 0-471-62891-3}
}

@article{john:under:06,
 author = {V. O. John and S. A. Buehler and von Engeln, A. and
           P. Eriksson and T. Kuhn and E. Brocard and
           G. Koenig-Langlo}, 
 title   = {Understanding the variability of clear-sky outgoing
            long-wave radiation based on ship-based temperature
            and water vapor measurements}, 
 journal = QJRMS,
 volume  = {132},
 number  = {621},
 pages   = {2675--2691},
 doi     = {10.1256/qj.05.70}, 
 year    = {2006},
}

@TechReport{keihm:01,
 author =       {S. J. Keihm and Y. Bar-Sever and J. Liljegren},
 title =        {Water Vapor Radiometer-Global Positioning System Comparison 
                Measurements and Calibration of the 20 to 32 
                Gigahertz Tropospheric Water Vapor Absorption Model},
 institution =  {JPL},
 year =         {2001},
 Type   =       {Final Report},
 number =       {TMO-PR-42-144},
 month =        {February},
 Note  =        {This article can be downloaded from 
                 {http://tmo.jpl.nasa.gov/tmo/progress_report/42-144/title.htm|}}
}

@book{kraus:66,
 AUTHOR    = {J. D. Kraus},
 TITLE     = {Radio astronomy},
 PUBLISHER = {McGraw-Hill Book Company},
 YEAR      = 1966,
}


@article{kuntz:97,
 Author    = {M. Kuntz and G. Hochschild and R. Krupa},  
 Title     = {Retrieval of ozone mixing ratio profiles from ground-based
              millimeter wave measurements disturbed by standing waves},
 Year      = 1997,
 Journal   = JGR,
 Volume    = 102,
 Pages     = {21965--21975}
}

@Article{kuntz:99,
  author =	 {M. Kuntz and M. H\"opfner},
  title =	 {Efficient line-by-line calculation of absorption
                  coefficients},
  journal =	 JQSRT,
  year =	 {1999},
  volume =	 63,
  number =	 {1},
  pages =	 {97--114},
  doi =          {10.1016/S0022-4073(98)00140-X},
}

@article{kursinski:97,
   author    = {E. R. Kursinski and G. A. Hajj and J. T. Schofield and 
                  R. P. Linfield and K. R. Hardy},
   title     = {Observing {Earth's} atmosphere with radio occultation 
                         measurements using the {Global Positioning System}},
   journal   = JGR,
   year      = 1997,
   volume    = 102,
   pages     = {23429-23465},
}

@Article{kursinski:00:thegp,
  author =	 {E. R. Kursinski and G. A. Hajj and S. S. Leroy and B. Herman},
  title =	 {The GPS radio occultation technique},
  journal =	 {Terrestrial Atmosperic Oceanic Studies},
  year =	 2000,
  volume =	 11,
  number =   1,
  pages =	 {53--114},
}

@book{kyle:91,
 AUTHOR    = {T.G. Kyle},
 TITLE     = {Atmospheric transmission, emission and scaterring},
 PUBLISHER = {Pergamon Press},
 YEAR      = 1991,
}

@article{landi:85,
 author = "E. L. Degl'Innocenti and M. L. Degl'Innocenti",
 title  = "On the solution of the radiative-transfer equations for polarized 
           radiation",
 journal= "Solar Physics",
 volume = 97,
 pages  = {239-250},
 year   = 1985
}

@article{larsenetal:98,
 Author    = {H. Larsen and J.-F. Gayet and G. Febvre and H. Chepfer and 
              G. Brogniez},
 Title     = {Measurement errors in cirrus cloud microphysical properties},
 Journal   = AG,
 Year      = 1998,
 Volume    = 16,
 Pages     = {266-276}
}

@Article{larsson14:_treatment_jqsrt,
  author =       {R. Larsson and S. A. Buehler and P. Eriksson and
                 J. Mendrok},
  title =        {A treatment of the {Zeeman} effect using {Stokes}
                 formalism and its implementation in the
                 {Atmospheric Radiative Transfer Simulator (ARTS)}},
  journal =      JQSRT,
  volume  =      {133},
  pages   =      {445--453},
  year =         {2014},
  doi =          {10.1016/j.jqsrt.2013.09.006}
}

@Article{larsson19:_updated_jqsrt,
  author =       {R. Larsson and B. Lankhaar and P. Eriksson},
  title =        {Updated {Zeeman} effect splitting coefficients for molecular oxygen in planetary applications},
  journal =      JQSRT,
  volume  =      {224},
  pages   =      {432--438},
  year =         {2019},
  doi =          {10.1016/j.jqsrt.2018.12.004}
}

@Article{larsson20:_zeeman_jqsrt,
  author =       {R. Larsson and B. Lankhaar},
  title =        {Zeeman effect splitting coefficients for {ClO}, {OH} and {NO} in some earth atmosphere applications},
  journal =      JQSRT,
  volume  =      {224},
  pages   =      {107050},
  year =         {2020},
  doi =          {10.1016/j.jqsrt.2020.107050}
}

@article{liebe:81,
 Author    = {H. J. Liebe},
 Title     = {Modelling attenuation and phase of radio waves in
             air at frequencies below 1000 GHz},
 Journal   = RS,
 Year      = 1981,
 Volume    = 16,
 Pages     = {1183-1199}
}

@article{liebe:84,
 Author    = {H.~J. Liebe},
 Title     = {The atmospheric water vapor continuum below 300~{GH}z},
 Journal   = IJIMW,
 Year      = {1984},
 Volume    = {5(2)},
 Pages     = {207-227}
  }


@article{liebe:85,
 Author    = {H. J. Liebe},
 Title     = {An updated model for millimeter wave propagation
             in moist air},
 Journal   = RS,
 Year      = 1985,
 Volume    = 20,
 Pages     = {1069-1089}
  }


@article{liebe:87,
 Author    = {H.~J. Liebe},
 Title     = {A contribution to modeling atmospheric millimeter-wave properties},
 Journal   = {Frequenz},
 Year      = 1987,
 Volume    = 41,
 Pages     = {31-36}
  }


@Article{liebe:89,
  author  = {Hans~J. Liebe},
  title   = {{MPM} -- an atmospheric millimeter--wave propagation model},
  journal = IJIMW,
  year    = {1989},
  volume  = {10},
  number  = {6},
  pages   = {631-650}
}


@Article{liebe:89b,
  author  = {Hans~J. Liebe and Takeshi Manabe and George~A. Hufford},
  title   = {Millimeter--wave attenuation and delay rates due to fog/cloud
             conditions},
  journal = {IEEE Trans. Antennas Propag.},
  year    = {1989},
  volume  = {37},
  number  = {12},
  pages   = {1617--1623},
  month   = {December}
}


@Article{liebe:89c,
  author = 	 {Hans~J. Liebe},
  title = 	 {A Contribution to Modeling Atmospheric Millimeter--wave 
                  Properties},
  journal = 	 {Frequenz},
  year = 	 {1987},
  volume = 	 {41},
  number = 	 {1},
  pages = 	 {31-36}
}


@techreport{liebeandlayton:87,
 Author    = {H.~J. Liebe and D.~H. Layton},
 Title     = {Millimeter-wave properties of the atmosphere:
             Laboratory studies and propagation modelling},
 Year      = 1987,
 Institution = {U.S. Dept. of Commerce, National
               Telecommunications and Information
               Administration, Institute for Communication
               Sciences},
 Number    = 87224,
 Note      = {80p},
 Adress    = {325 Broadway, Boulder, CO 80303-3328}
  }

@Article{liebeetal:91,
  author  = {Hans~J. Liebe and G.~A. Hufford and T. Manabe},
  title   = {A Model for the Complex Permittivity of Water at Frequencies below 1 THz},
  journal = IJIMW,
  year    = {1991},
  volume  = {12},
  number  = {7},
  pages   = {659-675}
}

@Article{liebeetal:92,
  author  = {Hans~J. Liebe and P.~W. Rosenkranz and G.~A. Hufford},
  title   = {Atmospheric \mbox{60-{GH}z} oxygen spectrum: new 
             laboratory measurements and line parameters},
  journal = JQSRT,
  year    = {1992},
  volume  = {48},
  number  = {5/6},
  pages   = {629-643}
}

@inproceedings{liebeetal:93,
  author =       {H. J. Liebe and G. A. Hufford and M. G. Cotton},
  title =        "Propagation modeling of moist air and suspended water/ice 
                  particles at frequencies below 1000 {GHz.}",
  Booktitle = {AGARD 52nd Specialists Meeting of the Electromagnetic Wave 
               Propagation Panel, Palma de Mallorca, Spain},
  Year      = 1993,
  Month     = {May 17-21},
  note      = {{ftp://ftp.its.bldrdoc.gov/pub/mpm93/+}}
}

@article{lietal:97,
 Author    = {L. Li and J. Vivekanandan and C.~H. Chan and Leung Tsang},
 Title     = {Microwave radiometric technique to retrieve vapor; liquid and ice; 
              part {I} -- developement of a neural network-based inversion method},
 Journal   = I3ETGRS,
 Year      = 1997,
 Volume    = 35,
 Pages     = {224-235}
  }

@Book{liou:02,
  author    = {K. N. Liou},
  title     = {An introduction to atmospheric radiation},
  publisher = {Academic Press},
  year      = {2002},
  edition   = {2}
}

@article{liptonetal:99,
 Author    = {A.~E. Lipton and M.~K. Griffin and A.~G. Ling},
 Title     = {Microwave transfer model differences in remote sensing of cloud liquid
              water at low temperatures},
 Journal   = I3ETGRS,
 Year      = 1999,
 Volume    = 37,
 Pages     = {620-623}
  }

@BOOK{liu:01,
 author = "J.~S. Liu",
 title = "Monte Carlo Strategies in Scientific Computing",
 year = 2001,
 publisher = "Springer-Verlag",
 place = "New York"
}

@article{liuetal:96,
 author = "Q. Liu and C. Simmer and E. Ruprecht",
 title = "Three-dimensional radiative transfer effects of clouds in the microwave spectral range",
 journal = JGR,
 volume = 101,
 number = "D2",
 pages = "4289--4298",
 year = 1996
} 

@INCOLLECTION{ludlammason:57,
 EDITOR    = {S. Fl\"gge},
 Author    = {F.~H. Ludlam and B.~J. Mason},
 Title     = {The physics of clouds},
 BOOKTITLE = {Encyclopedia of Physics},
 Year      = 1957,
 Volume    = {48},
PUBLISHER  = {Springer, Berlin}
  }

 		  
@article{ma:90,
 Author    = {Q. Ma and R.~H. Tipping},
 Title     = {Water vapor continuum in the millimeter spectral region},
 Journal   = JCP,
 Year      = 1990,
 Volume    = 93,
 Pages     = {6127-6139}
  }

@TechReport{maetzler02:_matlab,
  author =     {C. M\"atzler},
  title =      {{MATLAB} Functions for Mie Scattering and Absorption},
  year =       2002,
  month =      jun,
  note =       {IAP Res. Rep. No. 02-08},
}

@article{makarov11:_60-ghz_jqsrt,
  author =       {D. S. Makarov and M. Yu. Tretyakov and P. W. Rosenkranz},
  title =        {60-{GHz} oxygen band: Precise experimental profiles and
                  extended absorption modeling in a wide temperature range},
  journal =      JQSRT,
  year =         2011,
  volume =       112,
  number =       9,
  pages =        {1420--1428},
  doi =          {10.1016/j.jqsrt.2011.02.018},
}
  
@TechReport{master00,
  author =       "W. J. Reburn and R. Siddans and B. J. Kerridge and
                  S. B{\"u}hler and von Engeln, A. and P. Erikson and
                  T. Kuhn-Sander and C. Verdes and K. K{\"u}nzi",
  title =        "Critical Assessments in Millimetre-Wave Atmospheric 
                  Limb Sounding, Final Report", 
  institution =  "ESTEC / Contract No 13348 / 98 / NL / GD",
  year =         2000,
}

@Article{mcfarquar97:_param_tropic_cirrus_ice_cryst,
  author    = {G. M. McFarquhar and A. J. Heymsfield},
  journal   = JAS,
  title     = {Parametritation of Tropical Cirrus Ice Crystal Size Distributions and Implications for Radiative Transfer: Results from {CEPEX}},
  year      = {1997},
  pages     = {2187-2200},
  volume    = {54},
  timestamp = {2021-11-22},
}

@Article{meissner:06:polar,
  author = {T. Meissner and F. J. Wentz},
  title = {Polarization rotation and the third Stokes
              parameter: the effects of spacecraft attitude and 
              Faraday rotation},
  journal = I3ETGRS,
  year = 2006,
  volume = 44,
  number = 3,
  pages ={506--515},
}

@inbook{mobley:light:94,
 author    = {C. D. Mobley},
 title     = {Light and water: radiative transfer in natural waters},
 chapter   = {Across the surface},
 publisher = {Academic Press, USA},
 year      = {1994},
}

@Article{mishchenko02:_vector,
  author = 	 {M. I. Mishchenko},
  title = 	 {Vector radiative transfer equation for arbitrarily shaped and arbitrarily oriented particles: a microphysical derivation from statistical electromagnetics},
  journal = 	 AO,
  year = 	 2002,
  volume =	 41,
  pages =	 {7114-7134}
}

@Book{Mishchenko:02,
  author = 	 {Michael I. Mishchenko and Larry D. Travis and Andrew A. Lacis},
  title = 	 {Scattering, Absorption and Emission of Light by Small Particles},
  publisher = 	 {Cambridge University Press},
  year = 	 {2002},
  note =         {{ISBN} 0-521-78252}
}

@Book{mishchenko00:_light_scatt_nonsp_partic,
  editor =	 {Michael I. Mishchenko and Joachim W. Hovenier and Larry D. Travis},
  title = 	 {Light Scattering by Nonspherical Particles},
  publisher = 	 {Academic Press},
  year = 	 2000,
  note =	 {{ISBN} 0-12-498660-9}
}

@article{Mishchenko:00,
  author = 	 {Mishchenko, M. I.},
  title = 	 {Calculation of the amplitude matrix for a nonspherical particle in a fixed orientation},
  journal = 	 {Appl. Opt.},
  year = 	 {2000},
  number = 	 {39},
  pages = 	 {1026-1031}
}

@article{Mishchenko:98,
  author = 	 {Mishchenko, M. I. and L. D. Travis},
  title = 	 {Capabilities and limitations of a current FORTRAN implementation of the T-matrix method
  for randomly oriented rotationally symmetric scatterers},
  journal = 	 {J. Quant. Spectrosc. Radiat. Transfer},
  year = 	 {1998},
  volume = 	 {60},
  pages = 	 {309-324}
}

@article{Moler_Loan:79,
  author = 	 {Moler, C. B. and C. F. Van Loan},
  title = 	 {Nineteen Dubious Ways to Compute the Exponential of a Matrix},
  journal = 	 {SIAM Review},
  year = 	 {1979},
  volume = 	 {20},
  pages = 	 {801-836}
 }

@book{montenbruck:00,
 Author    = {O. Montenbruck and E. Gill},  
 Title     = {Satellite orbits: {M}odels, methods and applications},
 Year      = 2000,
 Publisher = {Springer Verlag},
}

@inCollection{matlzer:radia:06,
 author    = {C. M\"atzler and C. Melsheimer},
 title     = {Radiative transfer and microwave radiometry},
 booktitle   = {Thermal microwave radiation: applications
                for remote sensing},
 publisher = {The institution of engineering and technology, UK},
 year      = {2006},
 editor    = {C. M\"atzler}
}

@Article{newell65:_absolute_jap,
  author =       {A. C. Newell and R. C. Baird},
  title =        {Absolute Determination of Refractive Indices of Gases at
                  47.7 {Gigahertz}},
  journal =      JAP,
  year =         1965,
  volume =       36,
  number =       12,
  doi =          {10.1063/1.1713942},
}

@book{numerical_recipes_C:97,
  author = 	 {W.H. Press and S.A. Teukolsky and W.T. Vetterling and 
              B.P. Flannery},
  title = 	 {Numerical recipes in C},
  publisher = 	 {Cambridge University Press},
  year = 	 {1997},
  edition = 	 {2}
 }

@ARTICLE{oikarenenetal:99,
author = "L. Oikarinen and E. Sihvola and E. Kyrola",
title = "Multiple scattering radiance in limb-viewing geometry",
journal = JGR,
volume = 104,
number = "D24",
pages = "31261--31274",
year =  1999
}

@article{oliveiro:77,
   author    = {J.~J. Oliveiro and R.~L. Longbothum},
   title     = {Empirical fits to Voight line width: A brief review},
   journal   = JQSRT,
   year      = 1977,
   volume    = 17,
   pages     = {233-236},
}


@article{pawlowskaetal:00,
   author    = {H. Pawlowska and J.~L. Brenguier and F. Burnet},
   title     = {Microphysical properties of stratocumulus clouds},
   journal   = AR,
   year      = 2000,
   volume    = 55,
   pages     = {15-33},
}

@article{petty2011modified,
  title={The modified gamma size distribution applied to inhomogeneous and nonspherical particles: Key relationships and conversions},
  author={Petty, Grant W and Huang, Wei},
  journal=JAS,
  volume={68},
  number={7},
  pages={1460--1473},
  year={2011}
}

@Book{petty:06,
  author = 	 {G. W. Petty},
  ALTeditor = 	 {},
  title = 	 {A first course in atmospheric radiation},
  publisher = 	 {Sundog Publishing},
  year = 	 {2006}
}

@book{press:92,
 AUTHOR    = {W.H. Press and S.A. Teukolsky and W.T. Vetterling and 
              B.P. Flannery},
 TITLE     = {Numerical recipes in FORTRAN},
 PUBLISHER = {Cambridge University Press},
 YEAR      = 1992,
 EDITION   = 2,
}

@INCOLLECTION{pwr:93,
EDITOR    = {M.~A. Janssen},
AUTHOR    = {P.~W. Rosenkranz},
TITLE     = {Absorption of microwaves by atmospheric gases},
BOOKTITLE = {Atmospheric remote sensing by microwave radiometry},
PAGES     = {37-90},
YEAR      = {1993},
PUBLISHER = {John Wiley \& Sons, Inc.},
annote    = {ISBN: 0-471-62891-3},
note      = {{ftp://mesa.mit.edu/phil/lbl_rt+}}
}

@ARTICLE{pwr:98,
AUTHOR = {P. W. Rosenkranz},
TITLE = {Water Vapor Microwave Continuum Absorption: A Comparison of 
         Measurements and Models},
JOURNAL = {Radio Science},
VOLUME = {33},
NUMBER = {4},
PAGES = {919--928},
YEAR = {1998},
NOTE = {(correction in 34, 1025, 1999), {ftp://mesa.mit.edu/phil/lbl_rt+}}
}

@article{ray:72,
   author    = {P. Ray},
   title     = {Broadband Complex Refractive Indices of Ice and Water},
   journal   = {Appl. Opt.},
   year      = {1972},
   volume    = {11},
   pages     = {1836-1844}
}

@article{read:thecl:06,
   author    = {W. G. Read and Z. Shippony and M. J. Schwartz and 
                N. J. Livesey and W. Van Snyder},
   title     = {The clear-cky unpolarized forward model for the
                {EOS Aura Microwave Limb Sounder (MLS)}},
   journal   = I3ETGRS,
   year      = {2006},
   volume    = {44},
   pages     = {1367-1379}
}



@book{rees:01,
 Author    = {W. G. Rees},  
 Title     = {Physical principles of remote sensing},
 Year      = 2001,
 Publisher = {Cambridge University Press},
 EDITION   = 2,
}

@Article{richard:12,
  author =       {C. Richard and I. E. Gordon and L. S. Rothman and M. Abel
                  and L. Frommhold and M. Gustafsson and J.-M. Hartmann and
                  C. Hermans and W. J. Lafferty and G. S. Orton and K.M. Smith
                  and H. Tran},
  title =        {New section of the {HITRAN} database: Collision-induced
                  absorption ({CIA})},
  journal =      JQSRT,
  year =         2012,
  volume =       113,
  pages =        {1276--1285},
  doi =          {10.1016/j.jqsrt.2011.11.004},
}


@ARTICLE{roberti:99,
author = "L. Roberti and C. Kummerow",
title = "Monte Carlo calculations of polarized microwave radiation emerging from cloud
structures",
journal= JGR,
volume = {104},
number = {D2},
pages = {2093-2104},
year = 1999
}

@book{rodgers:00,
 Author    = {C.D. Rodgers},  
 Title     = {Inverse methods for atmospheric sounding: Theory and practise},
 Year      = 2000,
 Publisher = {World {S}cientific {P}ublishing},
 EDITION   = 1,
}

@article{rodgers:90,
 Author    = {C. D. Rodgers},  
 Title     = {Characterization and error analysis of profiles
		  retrieved from remote sounding measurements},
 Year      = 1990,
 Journal   = JGR,
 Volume    = 95,
 Pages     = {5587--5595}
}

@book{rohlfs:86,
 AUTHOR    = {K. Rohlfs},
 TITLE     = {Tools of radio astronomy},
 PUBLISHER = {Springer-Verlag, Berlin},
 YEAR      = 1986,
}

@article{rosenkranz:75,
 Author    = {P. W. Rosenkranz},
 Title     = {Shape of the 5 mm oxygen band in the atmosphere},
 Journal   = {IEEE Trans. Ant. Prop.},
 Year      = 1975,
 Volume    = {AP-23},
 Pages     = {498-506}
  }


@article{rothman:92,
 Author    = {L.~S. Rothman and R.~R. Gamache and R.~H. Tipping and 
              C.~P. Rinsland and M.~A.~H. Smith and D.~C. Benner and 
              V. Malathy Devi and J.-M. Flaud and C. Camy-Peyret and 
              A. Perrin and A. Goldman and S.~T. Massie and L.~R. Brown 
              and R.~A. Toth},
 Title     = {The {HITRAN} molecular database: editions of 1991 and 1992},
 Journal   = JQSRT,
 Year      = 1992,
 Volume    = 48,
 Pages     = {469-507}
  }


@article{rothman:98,
 Author    = {L.~S. Rothman and C.~P. Rinsland and A. Goldman and 
              S.~T. Massie and D.~P. Edwards and J-M. Flaud and A. Perrin and 
              C. Camy-Peyret and V. Dana and J. -Y. Mandin and 
              J. Schroeder and A. McCann and R.~R. Gamache and R.~B. Wattson and 
              K. Yoshino and K.~V. Chance and K.~W. Jucks and L.~R. Brown and 
              V. Nemtchinov and P. Varanasi},
 Title     = {The {HITRAN} Molecular Spectroscopic Database and 
              {HAWKS} ({HITRAN} Atmospheric Workstation): 
              1996 Edition},
 Journal   = JQSRT,
 Year      = 1998,
 Volume    = 60,
 Pages     = {665-710}
  }

@article{rothmanetal:83,
author  = {L. S. Rothman and R. R. Gamache and A. Barbe and A. Goldman and 
           J. R. Gillis and L. R. Brown and R. A. Toth and J.-M. Floud and 
           C. Camy-Peyret},
title   = {{AFGL} atmospheric absorption line parameters compilation: 
           1982 edition},
journal = AO,
year    = 1983,
volume  = {22},
pages   = {2247-2256}
}

@inbook{rybicki:radia:79,
 author    = {G. B. Rybicki and A. P. Lightman},
 title     = {Radiative processes in astrophysics},
 chapter   = {Plasma effects},
 publisher = {John Wiley and Sons, Inc., USA},
 year      = {1979},
}

@book{salby:96,
 AUTHOR    = {M.~L. Salby},
 TITLE     = {Fundamentals of Atmospheric Physics},
 Publisher = {Academic Press},
 Adress    = {San Diego},
 Year      = {1996},
 series    = {International Geophysics Series},
 volume    = {61},
 Note      = {{ISBN} 0-12-615160-1}
  }

@article{schimpf:97,
 Author    = {B. Schimpf and F. Schreier},  
 Title     = {Robust and efficient inversion of vertical sounding atmospheric
              high-resolution spectra by means of regularization},
 Year      = 1997,
 Journal   = JGR,
 Volume    = 102,
 Pages     = {16037--16055}
}

@book{seinfeld:98,
 AUTHOR    = {J.~H. Seinfeld and S.~N. Pandis},
 TITLE     = {Atmospheric Chemistry and Physics : from Air Pollution to Climate Change},
 Publisher = {Wiley},
 Adress    = {New York},
 Year      = {1998},
 Note      = {{ISBN} 0-471-17816-0}
  }

@article{schreiner:99,
 Author    = {W. S. Schreiner and S. Sokolovskiy and V. C. Rocken and
              and D. C. Hunt},  
 Title     = {Analysisand validationof GPS/MET radio occultation data
              in the ionosphere},
 Year      = 1999,
 Journal   = RS,
 Volume    = 34,
 Pages     = {949-966}
}

@article{shupeetal:00,
 Author    = {M.~D. Shupe and T. Uttal and S.~Y. Matrosov and A.~S. Frisch},
 Title     = {Cloud water content and hydrometeor sizes during the 
              {FIRE}-{A}rctic 
              {C}louds {E}xperiment},
 Journal   = JGR,
 Year      = 2000,
 Volume    = {106},
 Pages     = {15015-15028}
  }

@Article{smith81_jcp_absorption,
author={Earl W. Smith},
title={Absorption and dispersion in the {O}₂ microwave spectrum at atmospheric pressures},
  journal =	 JCP,
  year =	 {1981},
  month =    {June},
  volume =	 74,
  number =   12,
  pages =	 {6658--6673}
}

@article{sree02,
  author = 	 {T. R. Sreerekha and S. B{\"u}hler and C. Emde},
  title = 	 {A Simple New Radiative Transfer Model for Simulating the Effect of Cirrus Clouds in the Microwave Spectral Region},
  journal = 	 {Journal of Quantitative Spectroscopy and Radiative Transfer},
  year = 	 {2002}
}

@InBook{Stamnes2017_Radiative,
  author    = {Stamnes, Knut and Thomas, Gary. E. and Stamnes, Jakob. J.},
  chapter   = {Chapter 3.3},
  pages     = {79},
  publisher = {Cambridge University Press},
  title     = {Radiative Transfer in the Atmosphere and Ocean (2nd edition)},
  year      = {2017},
  isbn      = {9781316148549},
  doi       = {https://doi.org/10.1017/9781316148549},
  timestamp = {2021-01-13},
}

@article{stankevich:74,
 Author    = {K.~S. Stankevich},
 Title     = {Absorption of sub--millimeter--range radio waves in a dry atmosphere},
 Journal   = {Radiophys. Quantum Electron. (Engl. Transl.)},
 Year      = 1974,
 Volume    = {17},
 Pages     = {579-581}
  }

@article{stratton68:_optical_jas,
  author =       {A. J. Stratton},
  title =        {Optical and Radio Refraction on {Venus}},
  journal =      JAS,
  year =         1968,
  volume =       25,
  pages =        {666--667},
  doi =          {10.1175/1520-0469(1968)025<0666:OARROV>2.0.CO;2},
}

% ground-based microwave 
@article{stonenw:84,
 Author    = {N.~W. Stone and W.~G. Read and A. Anderson and I.~R. Dagg and W. Smith},
 Title     = {Temperature-dependent collision-induced absorption in nitrogen},
 Journal   = {Can. J. Phys.},
 Year      = 1984,
 Volume    = 62,
 Pages     = {338-347}
  }

@book{thomas2002radiative,
  title={Radiative Transfer in the Atmosphere and Ocean},
  author={Thomas, G.E. and Stamnes, K.},
  isbn={9780521890618},
  lccn={95047502},
  series={Cambridge Atmospheric and Space Science Series},
  url={http://books.google.se/books?id=DxR2nEp0CUIC},
  year={2002},
  publisher={Cambridge University Press}
}

@article{thayer74_improved_rs,
  author =       {G. D. Thayer},
  title =        {An improved equation for the radio refractive index of air},
  journal =      RS,
  year =         1974,
  volume =       9,
  number =       10,
  pages =        {803--807}
}

@book{thorne:99,
 AUTHOR    = {A. Thorne and U. Litzen and S. Johansson},
 TITLE     = {Spectrophysics : principles and applications},
 Publisher = {Springer, 1999},
 Adress    = {Berlin},
 Year      = 1999,
 Note      = {{ISBN} 3-540-65117-9}
  }

@Article{Tomasi:05,
  author    = {C. Tomasi and V. Vitale and B. Petkov and A. Lupi and A. Cacciari},
  journal   = AO,
  title     = {Improved algorithm for calculations of Rayleigh-scattering optical depth in standard atmospheres},
  year      = {2005},
  number    = {16},
  pages     = {3320--3341},
  volume    = {44},
  timestamp = {2021-11-22},
}

% ground-based microwave
@book{townes:55,
 AUTHOR    = {C. H. Townes and A. L. Schawlow},
 TITLE     = {Microwave Spectroscopy},
 Publisher = {Mc Graw-Hill},
 Adress    = {New York},
 Year      = 1955
  }

@Article{tretyakov05:_60-ghz_jms,
  author =       {M. Yu. Tretyakov and M. A. Koshelev and V.V. Dorovskikh
                  and D. S. Makarov and P. W. Rosenkranz},
  title =        {{60-GHz} oxygen band: precise broadening and central
                  frequencies of fine-structure lines, absolute absorption
                  profile at atmospheric pressure, and revision of mixing
                  coefficients},
  journal =      JMS,
  year =         2005,
  volume =       231,
  pages =        {1--14},
  doi =          {10.1016/j.jms.2004.11.011}
}

@Book{ulaby:81,
  author    = {F.T. Ulaby and R.K. Moore and A.K. Fung},
  publisher = {Addison-Wesley Publishing Company},
  title     = {Microwave remote sensing: Active and passive, Volume I: Microwave remote sensing fundamentals and radiometry},
  year      = {1981},
  note      = {{ISBN} 0-201-10759-7 (v. 1)},
  adress    = {Reading, Massachusetts},
  timestamp = {2021-11-22},
}

% ground-based microwave 
@article{vanvleck:45,
 Author    =   {J.~H. {Van Vleck} and V.~F. Weisskopf},
 Title     =   {On the Shape of Collision--Broadening lines},
 Journal   = {Reviews of Modern Physics},
 Year      = 1945,
 Volume    = 17,
 Pages     = {227---236}
  }

@article{vanvleckhuber:77,
 Author    =   {J.~H. {Van Vleck} and D.~L. Huber},
 Title     =   {Absoption, emission, and linebreadths: a semihistorical perspective},
 Journal   = {Reviews of Modern Physics},
 Year      = 1977,
 Volume    = 49,
 Pages     = {939--959}
  }

@Article{cverdes:05,
  author    = {C. Verdes and von Engeln, A. and S. A. Buehler},
  journal   = JQSRT,
  title     = {Partition Function Data and Impact on Retrieval Quality for a Mm/Sub-mm Limb Sounder},
  year      = {2005},
  month     = jan,
  number    = {2},
  pages     = {217--238},
  volume    = {90},
  altnote   = {DOI: 10.1016/j.jqsrt.2004.03.012},
  doi       = {10.1016/j.jqsrt.2004.03.012},
  timestamp = {2021-11-22},
}

@INCOLLECTION{vv:87,
EDITOR    = {D.~E. Kerr},
AUTHOR    = {J.~H. {Van Vleck}},
TITLE     = {The Relation between Absorption and Dispersion},
BOOKTITLE = {Propagation of Short Radio Waves},
PAGES     = {641-664},
YEAR      = {1987},
PUBLISHER = {Peter Peregrinus Ltd},
note      = {first published in 1951 by {McGraw-Hill Book Comp. Inc.}}
}

@article{westwater:78,
 Author    =   {E. R. Westwater},
 Title     =   {The accuracy of water vapor and cloud liquid
               water determination by dual-frequency
               ground-based microwave radiometry},
 Journal   = RS,
 Year      = 1978,
 Volume    = 13,
 Pages     = {677-685}
}

@INCOLLECTION{westwater:93,
EDITOR    = {M.~A. Janssen},
AUTHOR    = {E.~R. Westwater},
TITLE     = {Groundbased microwave radiometry},
BOOKTITLE = {Atmospheric remote sensing by microwave radiometry},
PAGES     = {37-90},
YEAR      = {1993},
PUBLISHER = {John Wiley \& Sons, Inc.},
annote    = {ISBN: 0-471-62891-3}
}

@article{westwaterandguiraud:80,
 Author    =   {E. R. Westwater and F. O. Guiraud},
 Title     =   {Ground-based microwave radiometric retrieval of
               precipitable water vapor in the presence of
               clouds with high liquid content},
 Journal   = RS,
 Year      = 1980,
 Volume    = 15,
 Pages     = {947-957}
}

@article{westwateretal:83,
 Author    =   {E. R. Westwater and M. T. Decker and A. Zachs and
                K. S. Gage},
 Title     =   {Ground-based remote sensing of temperature profiles
                by a combination of microwave radiometry and radar},
 Journal   = JCAM,
 Year      = 1983,
 Volume    = 22,
 Pages     = {126-133}
}

@article{westwateretal:90,
 Author    =   {E. R. Westwater and J. B. Snider and M. J. Falls},
 Title     =   {Ground-based microwave radiometric retrieval of
               precipitable water vapor in the presence of
               clouds with high liquid content},
 Journal   = RS,
 Year      = 1980,
 Volume    = 15,
 Pages     = {947-957}
}

@Article{wiscombe80:_improved_ao,
  author =     {W. J. Wiscombe},
  title =      {Improved {Mie} scattering algorithms},
  journal =    AO,
  year =       1980,
  volume =     19,
  number =     9,
  pages =      {1505--1509},
  doi =        {10.1364/AO.19.001505},
}

@ARTICLE{wright:03,
  author  = {Wright, P.A. and Quegan, S. and Wheadon, N.S. and Hall, C.D.},
  journal = I3ETGRS,
  title  = {Faraday rotation effects on L-band spaceborne SAR data},
  year   = {2003},
  volume = {41},
  number = {12},
  pages  = {2735-2744},
  doi    = {10.1109/TGRS.2003.815399},
  ISSN   = {0196-2892}
}

@Article{yurkin11:_adda_jqsrt,
  author =	 {M. A. Yurkin and A. G. Hoekstra},
  title =	 {The discrete-dipole-approximation code {ADDA}: Capabilities
                  and known limitations},
  journal =	 JQSRT,
  year =	 2011,
  volume =	 112,
  pages =	 {2234--2247},
  doi =          {10.1016/j.jqsrt.2011.01.031},
}



@article{zaghloul12:_algorithm916_acm,
 author = {Zaghloul, Mofreh R. and Ali, Ahmed N.},
 title = {Algorithm 916: Computing the Faddeyeva and Voigt Functions},
 journal = {ACM Trans. Math. Softw.},
 issue_date = {December 2011},
 volume = {38},
 number = {2},
 month = jan,
 year = {2012},
 issn = {0098-3500},
 pages = {15:1--15:22},
 articleno = {15},
 numpages = {22},
 url = {http://doi.acm.org/10.1145/2049673.2049679},
 doi = {10.1145/2049673.2049679},
 acmid = {2049679},
 publisher = {ACM},
 address = {New York, NY, USA},
 keywords = {Faddeyeva function, Function evaluation, Matlab, accuracy},
}

@article{tran13:_htp_jqsrt,
title = "Efficient computation of some speed-dependent isolated line profiles",
journal = "Journal of Quantitative Spectroscopy and Radiative Transfer",
volume = "129",
pages = "199 - 203",
year = "2013",
issn = "0022-4073",
doi = "https://doi.org/10.1016/j.jqsrt.2013.06.015",
url = "http://www.sciencedirect.com/science/article/pii/S0022407313002598",
author = "H. Tran and N.H. Ngo and J.-M. Hartmann",
keywords = "Line-shape, Speed-dependent profiles, Complex probability function",
abstract = "This paper provides FORTRAN subroutines for the calculation of the partially-Correlated quadratic-Speed-Dependent Hard-Collision (pCqSDHC) profile and of its two limits: the quadratic-Speed-Dependent Voigt (qSDV) and the quadratic-Speed-Dependent Hard-Collision (qSDHC) profiles. Numerical tests successfully confirm the analytically derived fact that all these profiles can be expressed as combinations of complex Voigt probability functions. Based on a slightly improved version of the CPF subroutine [Humlicek. J Quant Spectrosc Radiat Transfer 1979;21:309] for the calculation of the complex probability function, we show that the pCqSDHC, qSDHC and qSDV profiles can be quickly calculated with an accuracy better than 10−4."
}

@article{gamache:21,
title = {Total internal partition sums for the HITRAN2020 database},
journal = {Journal of Quantitative Spectroscopy and Radiative Transfer},
volume = {271},
pages = {107713},
year = {2021},
issn = {0022-4073},
doi = {https://doi.org/10.1016/j.jqsrt.2021.107713},
url = {https://www.sciencedirect.com/science/article/pii/S0022407321002065},
author = {Robert R. Gamache and Bastien Vispoel and Michaël Rey and Andrei Nikitin and Vladimir Tyuterev and Oleg Egorov and Iouli E. Gordon and Vincent Boudon},
keywords = {Total internal partition sum (TIPS), Molecules/isotopologues on HITRAN2020, TIPS_2021_v1p0.for, TIPS_2021_v1p0.py},
abstract = {Total internal partition sums (TIPS) are reported for the 181 isotopologues of 57 molecules important in planetary atmospheres. Molecules 1 to 55, with the exception of #34 atomic oxygen, are taken from the HITRAN2020 list, and for some molecules additional isotopologues are considered. Molecules 56 and 57 are C3H4, CH3, respectively. New to TIPS are the calculations for 12CH4, 13CH4, 12CH3D, 13CH3D, 14N16O, 15N16O, 14N18O, 16O32S18O, 33S16O2, 15N16O2, 18OH, 16OD, 35Cl16O, 37Cl16O, 16O13C34S, 32S19F6, 12C2H5D, 12C2H3D, 12C19F4, 12CH319F, 70GeH4, 72GeH4, 73GeH4, 74GeH4, 76GeH4, 12CH3127I, 13CH3127I, and 14N19F3. In addition, all the molecules/isotopologues that were not recalculated for TIPS2017 (Gamache et al., JQSRT 203, 70, 2017) have been recalculated using the 2014 CODATA physical constants. The TIPS are determined by various methods, generally from 1 to 5000 K. These data are provided with HITRAN2020 and a new version of the TIPS code is available in both FORTRAN and python languages.}
}

@Article{Eberhard:10,
  author    = {Wynn L. Eberhard},
  journal   = {Appl. Opt.},
  title     = {Correct equations and common approximations for calculating Rayleigh scatter in pure gases and mixtures and evaluation of differences},
  year      = {2010},
  month     = mar,
  number    = {7},
  pages     = {1116--1130},
  volume    = {49},
  abstract  = {Equations for Rayleigh scattering in a mixture of gases are derived and compared to frequent approximations in the literature. The traditional Rayleigh scattering equation as modified by King for scatter from a pure gas is correct, whereas another version sometimes appearing in modern literature is erroneous. Use of a mixture's refractive index, which is equivalent to assuming the isotropic molecular polarizabilities of the component gases are identical, is an approximation. Another common approximation is using only number-density weighting of the King factors. Approximation errors can be large when the major components of a mixture have disparate optical properties. Fortunately, the errors for Earth's air are much smaller and comparable to errors from other sources.},
  doi       = {10.1364/AO.49.001116},
  keywords  = {Atmospheric transmittance; Lidar; Atmospheric scattering; Scattering, Rayleigh; Doppler effect; Laser scattering; Polarization scattering; Rayleigh scattering; Scattering polarization; Scattering theory},
  publisher = {OSA},
  timestamp = {2021-11-22},
  url       = {http://ao.osa.org/abstract.cfm?URI=ao-49-7-1116},
}

@Article{Fisak:16,
  author    = {{Fis\'ak, J.} and {Krticka, J.} and {Munzar, D.} and {Kub\'at, J.}},
  journal   = {AA},
  title     = {Rayleigh scattering in the atmospheres of hot stars},
  year      = {2016},
  pages     = {A95},
  volume    = {590},
  doi       = {10.1051/0004-6361/201628291},
  timestamp = {2021-11-22},
}

@Book{Long:02,
  author    = {Long, Derek A.},
  publisher = {John Wiley \& Sons Ltd.},
  title     = {The Raman Effect: A Unified Treatment of the Theory of Raman Scattering by Molecules},
  year      = {2002},
  timestamp = {2021-11-22},
}

@Article{Vinogradov:21,
  author    = {A. P. Vinogradov and V. Yu. Shishkov and I. V. Doronin and E. S. Andrianov and A. A. Pukhov and A. A. Lisyansky},
  journal   = {Opt. Express},
  title     = {Quantum theory of Rayleigh scattering},
  year      = {2021},
  month     = jan,
  number    = {2},
  pages     = {2501--2520},
  volume    = {29},
  doi       = {10.1364/OE.412852},
  keywords  = {Elastic scattering; Forward scattering; Magnetic fields; Photons; Raman scattering; Spontaneous emission},
  publisher = {OSA},
  timestamp = {2021-11-22},
  url       = {http://www.opticsexpress.org/abstract.cfm?URI=oe-29-2-2501},
}

@Comment{jabref-meta: databaseType:bibtex;}

@Article{gordon17:_hitran2016_jqsrt,
  author =       {I. E. Gordon and S. Rothman and C. Hill and R. V. Kochanov
                  and Y. Tan and P. F. Bernath and M. Birk and V. Boudon and
                  A. Campargue and K. V. Chance and B. J. Drouin and
                  J. M. Flaud and R. R. Gamache and J. T. Hodges and
                  D. Jacquemart and V. I. Perevalov and A. Perrin and
                  K. P. Shine and M. A. H. Smith and J. Tennyson and
                  G. C. Toon and H. Tran and V. G. Tyuterev and A. Barbe and
                  A. G. Cs\'{a}sz\'{a}r and V. M. Devi and T. Furtenbacher and
                  J. J. Harrison and J. M. Hartmann and A. Jolly and
                  T. J. Johnson and T. Karman and I. Kleiner and A. A. Kyuberis
                  and J. Loos and O. M. Lyulin and S. T. Massie and
                  S. N. Mikhailenko and N. Moazzen-Ahmadi and H. S. P. M\"uller
                  and O. V. Naumenko and A. V. Nikitin and O. L. Polyansky and
                  M. Rey and M. Rotger and S. W. Sharpe and K. Sung and
                  E. Starikova and S. A. Tashkun and Vander Auwera, J. and
                  G. Wagner and J. Wilzewski and P. Wcis{\l}o and S. Yu
                  and E. J. Zak},
  title =        {The {HITRAN2016} molecular spectroscopic database},
  journal =      JQSRT,
  year =         2017,
  volume =       203,
  pages =        {3--69},
  doi =          {10.1016/j.jqsrt.2017.06.038},
  file =         {gordon17_hitran2016_jqsrt.pdf},
  keywords =     {spectroscopy},
}

@Article{kochanov19:_infrared_jqsrt,
  author =       {R. V. Kochanov and I. E. Gordon and L. S. Rothman and
                  K. P. Shine and S. W. Sharpe and T. J. Johnson and
				  T. J. Wallington and J. J. Harrison and P. F. Bernath and
				  M. Birk and G. Wagner and Le Bris, K. and I. Bravo and
				  C. Hill},
  title =        {Infrared absorption cross-sections in HITRAN2016 and beyond:
                  Expansion for climate, environment, and atmospheric
				  applications},
  journal =      JQSRT,
  year =         2019,
  volume =       230,
  pages =        {172--221},
  ISSN =	     {0022-4073},
  doi =          {10.1016/j.jqsrt.2019.04.001},
  file =         {kochanov19_infrared_jqsrt.pdf},
}

@article{johansson2016,
author = {Johansson, H. and Forssén, C.},
title = {Fast and Accurate Evaluation of {W}igner $3j$, $6j$, and $9j$ Symbols Using Prime Factorization and Multiword Integer Arithmetic},
journal = {SIAM Journal on Scientific Computing},
volume = {38},
number = {1},
pages = {A376-A384},
year = {2016},
doi = {10.1137/15M1021908},
URL = { 
        https://doi.org/10.1137/15M1021908 
},
eprint = { 
        https://doi.org/10.1137/15M1021908
    
}
}
